@article{byrd2000trust,
  title={A trust region method based on interior point techniques for nonlinear programming},
  author={Byrd, Richard H and Gilbert, Jean Charles and Nocedal, Jorge},
  journal={Mathematical Programming},
  volume={89},
  number={1},
  pages={149--185},
  year={2000},
  publisher={Springer}
}

@article{steihaug1983conjugate,
  title={The conjugate gradient method and trust regions in large scale optimization},
  author={Steihaug, Trond},
  journal={SIAM Journal on Numerical Analysis},
  volume={20},
  number={3},
  pages={626--637},
  year={1983},
  publisher={SIAM}
}