@article{byrd2000trust,
  title={A trust region method based on interior point techniques for nonlinear programming},
  author={Byrd, Richard H and Gilbert, Jean Charles and Nocedal, Jorge},
  journal={Mathematical Programming},
  volume={89},
  number={1},
  pages={149--185},
  year={2000},
  publisher={Springer}
}

@article{steihaug1983conjugate,
  title={The conjugate gradient method and trust regions in large scale optimization},
  author={Steihaug, Trond},
  journal={SIAM Journal on Numerical Analysis},
  volume={20},
  number={3},
  pages={626--637},
  year={1983},
  publisher={SIAM}
}

@article{nocedalnumerical,
  title={Numerical Optimization},
  author={Nocedal, Jorge and Wright, Stephen J}
}

@article{nocedal2009adaptive,
  title={Adaptive barrier update strategies for nonlinear interior methods},
  author={Nocedal, Jorge and W{\"a}chter, Andreas and Waltz, Richard A},
  journal={SIAM Journal on Optimization},
  volume={19},
  number={4},
  pages={1674--1693},
  year={2009},
  publisher={SIAM}
}

@article{sartenaer1997automatic,
  title={Automatic determination of an initial trust region in nonlinear programming},
  author={Sartenaer, A},
  journal={SIAM Journal on Scientific Computing},
  volume={18},
  number={6},
  pages={1788--1803},
  year={1997},
  publisher={SIAM}
}